%YAML 1.1
%TAG !u! tag:unity3d.com,2011:
--- !u!29 &1
OcclusionCullingSettings:
  m_ObjectHideFlags: 0
  serializedVersion: 2
  m_OcclusionBakeSettings:
    smallestOccluder: 5
    smallestHole: 0.25
    backfaceThreshold: 100
  m_SceneGUID: 00000000000000000000000000000000
  m_OcclusionCullingData: {fileID: 0}
--- !u!104 &2
RenderSettings:
  m_ObjectHideFlags: 0
  serializedVersion: 9
  m_Fog: 0
  m_FogColor: {r: 0.5, g: 0.5, b: 0.5, a: 1}
  m_FogMode: 3
  m_FogDensity: 0.01
  m_LinearFogStart: 0
  m_LinearFogEnd: 300
  m_AmbientSkyColor: {r: 0.212, g: 0.227, b: 0.259, a: 1}
  m_AmbientEquatorColor: {r: 0.114, g: 0.125, b: 0.133, a: 1}
  m_AmbientGroundColor: {r: 0.047, g: 0.043, b: 0.035, a: 1}
  m_AmbientIntensity: 1
  m_AmbientMode: 0
  m_SubtractiveShadowColor: {r: 0.42, g: 0.478, b: 0.627, a: 1}
  m_SkyboxMaterial: {fileID: 10304, guid: 0000000000000000f000000000000000, type: 0}
  m_HaloStrength: 0.5
  m_FlareStrength: 1
  m_FlareFadeSpeed: 3
  m_HaloTexture: {fileID: 0}
  m_SpotCookie: {fileID: 10001, guid: 0000000000000000e000000000000000, type: 0}
  m_DefaultReflectionMode: 0
  m_DefaultReflectionResolution: 128
  m_ReflectionBounces: 1
  m_ReflectionIntensity: 1
  m_CustomReflection: {fileID: 0}
  m_Sun: {fileID: 705507994}
  m_IndirectSpecularColor: {r: 0.18028378, g: 0.22571412, b: 0.30692285, a: 1}
  m_UseRadianceAmbientProbe: 0
--- !u!157 &3
LightmapSettings:
  m_ObjectHideFlags: 0
  serializedVersion: 12
  m_GIWorkflowMode: 1
  m_GISettings:
    serializedVersion: 2
    m_BounceScale: 1
    m_IndirectOutputScale: 1
    m_AlbedoBoost: 1
    m_EnvironmentLightingMode: 0
    m_EnableBakedLightmaps: 1
    m_EnableRealtimeLightmaps: 0
  m_LightmapEditorSettings:
    serializedVersion: 12
    m_Resolution: 2
    m_BakeResolution: 40
    m_AtlasSize: 1024
    m_AO: 0
    m_AOMaxDistance: 1
    m_CompAOExponent: 1
    m_CompAOExponentDirect: 0
    m_ExtractAmbientOcclusion: 0
    m_Padding: 2
    m_LightmapParameters: {fileID: 0}
    m_LightmapsBakeMode: 1
    m_TextureCompression: 1
    m_FinalGather: 0
    m_FinalGatherFiltering: 1
    m_FinalGatherRayCount: 256
    m_ReflectionCompression: 2
    m_MixedBakeMode: 2
    m_BakeBackend: 1
    m_PVRSampling: 1
    m_PVRDirectSampleCount: 32
    m_PVRSampleCount: 500
    m_PVRBounces: 2
    m_PVREnvironmentSampleCount: 500
    m_PVREnvironmentReferencePointCount: 2048
    m_PVRFilteringMode: 2
    m_PVRDenoiserTypeDirect: 0
    m_PVRDenoiserTypeIndirect: 0
    m_PVRDenoiserTypeAO: 0
    m_PVRFilterTypeDirect: 0
    m_PVRFilterTypeIndirect: 0
    m_PVRFilterTypeAO: 0
    m_PVREnvironmentMIS: 0
    m_PVRCulling: 1
    m_PVRFilteringGaussRadiusDirect: 1
    m_PVRFilteringGaussRadiusIndirect: 5
    m_PVRFilteringGaussRadiusAO: 2
    m_PVRFilteringAtrousPositionSigmaDirect: 0.5
    m_PVRFilteringAtrousPositionSigmaIndirect: 2
    m_PVRFilteringAtrousPositionSigmaAO: 1
    m_ExportTrainingData: 0
    m_TrainingDataDestination: TrainingData
    m_LightProbeSampleCountMultiplier: 4
  m_LightingDataAsset: {fileID: 0}
  m_LightingSettings: {fileID: 0}
--- !u!196 &4
NavMeshSettings:
  serializedVersion: 2
  m_ObjectHideFlags: 0
  m_BuildSettings:
    serializedVersion: 3
    agentTypeID: 0
    agentRadius: 0.5
    agentHeight: 2
    agentSlope: 45
    agentClimb: 0.4
    ledgeDropHeight: 0
    maxJumpAcrossDistance: 0
    minRegionArea: 2
    manualCellSize: 0
    cellSize: 0.16666667
    manualTileSize: 0
    tileSize: 256
    buildHeightMesh: 0
    maxJobWorkers: 0
    preserveTilesOutsideBounds: 0
    debug:
      m_Flags: 0
  m_NavMeshData: {fileID: 0}
--- !u!1001 &106129661
PrefabInstance:
  m_ObjectHideFlags: 0
  serializedVersion: 2
  m_Modification:
    serializedVersion: 3
    m_TransformParent: {fileID: 1348882318}
    m_Modifications:
    - target: {fileID: -8679921383154817045, guid: fd3ce08abb2d0a645aec297520c0f276, type: 3}
      propertyPath: m_LocalScale.x
      value: 15.872933
      objectReference: {fileID: 0}
    - target: {fileID: -8679921383154817045, guid: fd3ce08abb2d0a645aec297520c0f276, type: 3}
      propertyPath: m_LocalScale.y
      value: 15.872933
      objectReference: {fileID: 0}
    - target: {fileID: -8679921383154817045, guid: fd3ce08abb2d0a645aec297520c0f276, type: 3}
      propertyPath: m_LocalScale.z
      value: 15.872933
      objectReference: {fileID: 0}
    - target: {fileID: -8679921383154817045, guid: fd3ce08abb2d0a645aec297520c0f276, type: 3}
      propertyPath: m_LocalPosition.x
      value: -0.052376125
      objectReference: {fileID: 0}
    - target: {fileID: -8679921383154817045, guid: fd3ce08abb2d0a645aec297520c0f276, type: 3}
      propertyPath: m_LocalPosition.y
      value: 0.003650056
      objectReference: {fileID: 0}
    - target: {fileID: -8679921383154817045, guid: fd3ce08abb2d0a645aec297520c0f276, type: 3}
      propertyPath: m_LocalPosition.z
      value: 0.14126796
      objectReference: {fileID: 0}
    - target: {fileID: -8679921383154817045, guid: fd3ce08abb2d0a645aec297520c0f276, type: 3}
      propertyPath: m_LocalRotation.w
      value: 1
      objectReference: {fileID: 0}
    - target: {fileID: -8679921383154817045, guid: fd3ce08abb2d0a645aec297520c0f276, type: 3}
      propertyPath: m_LocalRotation.x
      value: -0
      objectReference: {fileID: 0}
    - target: {fileID: -8679921383154817045, guid: fd3ce08abb2d0a645aec297520c0f276, type: 3}
      propertyPath: m_LocalRotation.y
      value: 0
      objectReference: {fileID: 0}
    - target: {fileID: -8679921383154817045, guid: fd3ce08abb2d0a645aec297520c0f276, type: 3}
      propertyPath: m_LocalRotation.z
      value: -0
      objectReference: {fileID: 0}
    - target: {fileID: -8679921383154817045, guid: fd3ce08abb2d0a645aec297520c0f276, type: 3}
      propertyPath: m_LocalEulerAnglesHint.x
      value: 0
      objectReference: {fileID: 0}
    - target: {fileID: -8679921383154817045, guid: fd3ce08abb2d0a645aec297520c0f276, type: 3}
      propertyPath: m_LocalEulerAnglesHint.y
      value: 0
      objectReference: {fileID: 0}
    - target: {fileID: -8679921383154817045, guid: fd3ce08abb2d0a645aec297520c0f276, type: 3}
      propertyPath: m_LocalEulerAnglesHint.z
      value: 0
      objectReference: {fileID: 0}
    - target: {fileID: 919132149155446097, guid: fd3ce08abb2d0a645aec297520c0f276, type: 3}
      propertyPath: m_Name
      value: PBS_UV
      objectReference: {fileID: 0}
    - target: {fileID: 919132149155446097, guid: fd3ce08abb2d0a645aec297520c0f276, type: 3}
      propertyPath: m_IsActive
      value: 0
      objectReference: {fileID: 0}
    - target: {fileID: 7484468418975526891, guid: fd3ce08abb2d0a645aec297520c0f276, type: 3}
      propertyPath: m_Materials.Array.data[0]
      value: 
      objectReference: {fileID: 2100000, guid: 121f55931c6044e4f84f0af75ef10177, type: 2}
    m_RemovedComponents: []
    m_RemovedGameObjects: []
    m_AddedGameObjects: []
    m_AddedComponents:
    - targetCorrespondingSourceObject: {fileID: 919132149155446097, guid: fd3ce08abb2d0a645aec297520c0f276, type: 3}
      insertIndex: -1
      addedObject: {fileID: 1002875610}
    - targetCorrespondingSourceObject: {fileID: 9022215874312191456, guid: fd3ce08abb2d0a645aec297520c0f276, type: 3}
      insertIndex: -1
      addedObject: {fileID: 265547217}
    - targetCorrespondingSourceObject: {fileID: 9022215874312191456, guid: fd3ce08abb2d0a645aec297520c0f276, type: 3}
      insertIndex: -1
      addedObject: {fileID: 265547216}
    - targetCorrespondingSourceObject: {fileID: 9022215874312191456, guid: fd3ce08abb2d0a645aec297520c0f276, type: 3}
      insertIndex: -1
      addedObject: {fileID: 265547215}
    - targetCorrespondingSourceObject: {fileID: 9022215874312191456, guid: fd3ce08abb2d0a645aec297520c0f276, type: 3}
      insertIndex: -1
      addedObject: {fileID: 265547214}
  m_SourcePrefab: {fileID: 100100000, guid: fd3ce08abb2d0a645aec297520c0f276, type: 3}
--- !u!1001 &254577895
PrefabInstance:
  m_ObjectHideFlags: 0
  serializedVersion: 2
  m_Modification:
    serializedVersion: 3
    m_TransformParent: {fileID: 0}
    m_Modifications:
    - target: {fileID: 699803258967624151, guid: 11bde6bee2966f64d9c3b1488b2ab87f, type: 3}
      propertyPath: m_Name
      value: Cylinder.010
      objectReference: {fileID: 0}
    - target: {fileID: 5035474855387676121, guid: 11bde6bee2966f64d9c3b1488b2ab87f, type: 3}
      propertyPath: m_Materials.Array.data[0]
      value: 
      objectReference: {fileID: 2100000, guid: 193f0e62b64a89f4cb064606735d9b7e, type: 2}
    - target: {fileID: 5809532290634397115, guid: 11bde6bee2966f64d9c3b1488b2ab87f, type: 3}
      propertyPath: m_LocalScale.x
      value: 0.06300033
      objectReference: {fileID: 0}
    - target: {fileID: 5809532290634397115, guid: 11bde6bee2966f64d9c3b1488b2ab87f, type: 3}
      propertyPath: m_LocalScale.y
      value: 0.06300033
      objectReference: {fileID: 0}
    - target: {fileID: 5809532290634397115, guid: 11bde6bee2966f64d9c3b1488b2ab87f, type: 3}
      propertyPath: m_LocalScale.z
      value: 0.06300033
      objectReference: {fileID: 0}
    - target: {fileID: 5809532290634397115, guid: 11bde6bee2966f64d9c3b1488b2ab87f, type: 3}
      propertyPath: m_LocalPosition.x
      value: -7.909
      objectReference: {fileID: 0}
    - target: {fileID: 5809532290634397115, guid: 11bde6bee2966f64d9c3b1488b2ab87f, type: 3}
      propertyPath: m_LocalPosition.y
      value: 0.91377
      objectReference: {fileID: 0}
    - target: {fileID: 5809532290634397115, guid: 11bde6bee2966f64d9c3b1488b2ab87f, type: 3}
      propertyPath: m_LocalPosition.z
      value: 3.619
      objectReference: {fileID: 0}
    - target: {fileID: 5809532290634397115, guid: 11bde6bee2966f64d9c3b1488b2ab87f, type: 3}
      propertyPath: m_LocalRotation.w
      value: 1
      objectReference: {fileID: 0}
    - target: {fileID: 5809532290634397115, guid: 11bde6bee2966f64d9c3b1488b2ab87f, type: 3}
      propertyPath: m_LocalRotation.x
      value: 0
      objectReference: {fileID: 0}
    - target: {fileID: 5809532290634397115, guid: 11bde6bee2966f64d9c3b1488b2ab87f, type: 3}
      propertyPath: m_LocalRotation.y
      value: -0
      objectReference: {fileID: 0}
    - target: {fileID: 5809532290634397115, guid: 11bde6bee2966f64d9c3b1488b2ab87f, type: 3}
      propertyPath: m_LocalRotation.z
      value: -0
      objectReference: {fileID: 0}
    - target: {fileID: 5809532290634397115, guid: 11bde6bee2966f64d9c3b1488b2ab87f, type: 3}
      propertyPath: m_LocalEulerAnglesHint.x
      value: 0
      objectReference: {fileID: 0}
    - target: {fileID: 5809532290634397115, guid: 11bde6bee2966f64d9c3b1488b2ab87f, type: 3}
      propertyPath: m_LocalEulerAnglesHint.y
      value: 0
      objectReference: {fileID: 0}
    - target: {fileID: 5809532290634397115, guid: 11bde6bee2966f64d9c3b1488b2ab87f, type: 3}
      propertyPath: m_LocalEulerAnglesHint.z
      value: 0
      objectReference: {fileID: 0}
    m_RemovedComponents: []
    m_RemovedGameObjects: []
    m_AddedGameObjects:
    - targetCorrespondingSourceObject: {fileID: 5809532290634397115, guid: 11bde6bee2966f64d9c3b1488b2ab87f, type: 3}
      insertIndex: -1
      addedObject: {fileID: 1002875611}
    m_AddedComponents:
    - targetCorrespondingSourceObject: {fileID: 699803258967624151, guid: 11bde6bee2966f64d9c3b1488b2ab87f, type: 3}
      insertIndex: -1
      addedObject: {fileID: 1348882315}
    - targetCorrespondingSourceObject: {fileID: 699803258967624151, guid: 11bde6bee2966f64d9c3b1488b2ab87f, type: 3}
      insertIndex: -1
      addedObject: {fileID: 1348882314}
    - targetCorrespondingSourceObject: {fileID: 699803258967624151, guid: 11bde6bee2966f64d9c3b1488b2ab87f, type: 3}
      insertIndex: -1
      addedObject: {fileID: 1348882313}
    - targetCorrespondingSourceObject: {fileID: 699803258967624151, guid: 11bde6bee2966f64d9c3b1488b2ab87f, type: 3}
      insertIndex: -1
      addedObject: {fileID: 1348882312}
    - targetCorrespondingSourceObject: {fileID: 699803258967624151, guid: 11bde6bee2966f64d9c3b1488b2ab87f, type: 3}
      insertIndex: -1
      addedObject: {fileID: 1348882311}
  m_SourcePrefab: {fileID: 100100000, guid: 11bde6bee2966f64d9c3b1488b2ab87f, type: 3}
--- !u!1 &265547212 stripped
GameObject:
  m_CorrespondingSourceObject: {fileID: 9022215874312191456, guid: fd3ce08abb2d0a645aec297520c0f276, type: 3}
  m_PrefabInstance: {fileID: 106129661}
  m_PrefabAsset: {fileID: 0}
--- !u!114 &265547214
MonoBehaviour:
  m_ObjectHideFlags: 0
  m_CorrespondingSourceObject: {fileID: 0}
  m_PrefabInstance: {fileID: 0}
  m_PrefabAsset: {fileID: 0}
  m_GameObject: {fileID: 265547212}
  m_Enabled: 1
  m_EditorHideFlags: 0
  m_Script: {fileID: 11500000, guid: ffefbea063cab884ca33e5a449e5c22c, type: 3}
  m_Name: 
  m_EditorClassIdentifier: 
  attachmentFlags: 44
  attachmentOffset: {fileID: 0}
  catchingSpeedThreshold: -1
  releaseVelocityStyle: 1
  releaseVelocityTimeOffset: -0.011
  scaleReleaseVelocity: 1.1
  scaleReleaseVelocityThreshold: -1
  scaleReleaseVelocityCurve:
    serializedVersion: 2
    m_Curve:
    - serializedVersion: 3
      time: 0
      value: 0.1
      inSlope: 0
      outSlope: 0
      tangentMode: 0
      weightedMode: 0
      inWeight: 0
      outWeight: 0
    - serializedVersion: 3
      time: 1
      value: 1
      inSlope: 0
      outSlope: 0
      tangentMode: 0
      weightedMode: 0
      inWeight: 0
      outWeight: 0
    m_PreInfinity: 2
    m_PostInfinity: 2
    m_RotationOrder: 4
  restoreOriginalParent: 0
  onPickUp:
    m_PersistentCalls:
      m_Calls: []
  onDetachFromHand:
    m_PersistentCalls:
      m_Calls: []
  onHeldUpdate:
    m_PersistentCalls:
      m_Calls: []
  interactable: {fileID: 0}
--- !u!54 &265547215
Rigidbody:
  m_ObjectHideFlags: 0
  m_CorrespondingSourceObject: {fileID: 0}
  m_PrefabInstance: {fileID: 0}
  m_PrefabAsset: {fileID: 0}
  m_GameObject: {fileID: 265547212}
  serializedVersion: 4
  m_Mass: 1
  m_Drag: 0
  m_AngularDrag: 0.05
  m_CenterOfMass: {x: 0, y: 0, z: 0}
  m_InertiaTensor: {x: 1, y: 1, z: 1}
  m_InertiaRotation: {x: 0, y: 0, z: 0, w: 1}
  m_IncludeLayers:
    serializedVersion: 2
    m_Bits: 0
  m_ExcludeLayers:
    serializedVersion: 2
    m_Bits: 0
  m_ImplicitCom: 1
  m_ImplicitTensor: 1
  m_UseGravity: 1
  m_IsKinematic: 0
  m_Interpolate: 0
  m_Constraints: 0
  m_CollisionDetection: 0
--- !u!114 &265547216
MonoBehaviour:
  m_ObjectHideFlags: 0
  m_CorrespondingSourceObject: {fileID: 0}
  m_PrefabInstance: {fileID: 0}
  m_PrefabAsset: {fileID: 0}
  m_GameObject: {fileID: 265547212}
  m_Enabled: 1
  m_EditorHideFlags: 0
  m_Script: {fileID: 11500000, guid: b93b6a877adcbf94c89a9d6e0c0e844d, type: 3}
  m_Name: 
  m_EditorClassIdentifier: 
  activateActionSetOnAttach:
    actionSetPath: 
  hideHandOnAttach: 1
  hideSkeletonOnAttach: 0
  hideControllerOnAttach: 0
  handAnimationOnPickup: 0
  setRangeOfMotionOnPickup: -1
  useHandObjectAttachmentPoint: 1
  attachEaseIn: 0
  snapAttachEaseInCurve:
    serializedVersion: 2
    m_Curve:
    - serializedVersion: 3
      time: 0
      value: 0
      inSlope: 0
      outSlope: 0
      tangentMode: 0
      weightedMode: 0
      inWeight: 0
      outWeight: 0
    - serializedVersion: 3
      time: 1
      value: 1
      inSlope: 0
      outSlope: 0
      tangentMode: 0
      weightedMode: 0
      inWeight: 0
      outWeight: 0
    m_PreInfinity: 2
    m_PostInfinity: 2
    m_RotationOrder: 4
  snapAttachEaseInTime: 0.15
  snapAttachEaseInCompleted: 0
  skeletonPoser: {fileID: 0}
  handFollowTransform: 1
  highlightOnHover: 1
  hideHighlight: []
  hoverPriority: 0
--- !u!64 &265547217
MeshCollider:
  m_ObjectHideFlags: 0
  m_CorrespondingSourceObject: {fileID: 0}
  m_PrefabInstance: {fileID: 0}
  m_PrefabAsset: {fileID: 0}
  m_GameObject: {fileID: 265547212}
  m_Material: {fileID: 0}
  m_IncludeLayers:
    serializedVersion: 2
    m_Bits: 0
  m_ExcludeLayers:
    serializedVersion: 2
    m_Bits: 0
  m_LayerOverridePriority: 0
  m_IsTrigger: 0
  m_ProvidesContacts: 0
  m_Enabled: 1
  serializedVersion: 5
  m_Convex: 1
  m_CookingOptions: 30
  m_Mesh: {fileID: -9010193167645078742, guid: fd3ce08abb2d0a645aec297520c0f276, type: 3}
--- !u!1 &343315338
GameObject:
  m_ObjectHideFlags: 0
  m_CorrespondingSourceObject: {fileID: 0}
  m_PrefabInstance: {fileID: 0}
  m_PrefabAsset: {fileID: 0}
  serializedVersion: 6
  m_Component:
  - component: {fileID: 343315339}
  - component: {fileID: 343315342}
  - component: {fileID: 343315341}
  - component: {fileID: 343315340}
  m_Layer: 0
  m_Name: 99:1:11 (1)
  m_TagString: Untagged
  m_Icon: {fileID: 0}
  m_NavMeshLayer: 0
  m_StaticEditorFlags: 0
  m_IsActive: 1
--- !u!4 &343315339
Transform:
  m_ObjectHideFlags: 0
  m_CorrespondingSourceObject: {fileID: 0}
  m_PrefabInstance: {fileID: 0}
  m_PrefabAsset: {fileID: 0}
  m_GameObject: {fileID: 343315338}
  serializedVersion: 2
  m_LocalRotation: {x: 6.123234e-17, y: 1, z: 6.123234e-17, w: 3.7493994e-33}
  m_LocalPosition: {x: -1.398211, y: 0.7, z: 6.75}
  m_LocalScale: {x: -1, y: -1, z: -1}
  m_ConstrainProportionsScale: 0
  m_Children: []
  m_Father: {fileID: 810059958}
  m_LocalEulerAnglesHint: {x: 0, y: 0, z: 0}
--- !u!114 &343315340
MonoBehaviour:
  m_ObjectHideFlags: 0
  m_CorrespondingSourceObject: {fileID: 0}
  m_PrefabInstance: {fileID: 0}
  m_PrefabAsset: {fileID: 0}
  m_GameObject: {fileID: 343315338}
  m_Enabled: 1
  m_EditorHideFlags: 0
  m_Script: {fileID: 11500000, guid: 84a4f15a3179f1d4993aded11f4d0232, type: 3}
  m_Name: 
  m_EditorClassIdentifier: 
  locked: 0
  markerActive: 1
--- !u!23 &343315341
MeshRenderer:
  m_ObjectHideFlags: 0
  m_CorrespondingSourceObject: {fileID: 0}
  m_PrefabInstance: {fileID: 0}
  m_PrefabAsset: {fileID: 0}
  m_GameObject: {fileID: 343315338}
  m_Enabled: 1
  m_CastShadows: 1
  m_ReceiveShadows: 1
  m_DynamicOccludee: 1
  m_StaticShadowCaster: 0
  m_MotionVectors: 1
  m_LightProbeUsage: 1
  m_ReflectionProbeUsage: 1
  m_RayTracingMode: 2
  m_RayTraceProcedural: 0
  m_RenderingLayerMask: 1
  m_RendererPriority: 0
  m_Materials:
  - {fileID: 2100000, guid: 417e639b66cd3a24e9c5312be99ce3bd, type: 2}
  m_StaticBatchInfo:
    firstSubMesh: 0
    subMeshCount: 0
  m_StaticBatchRoot: {fileID: 0}
  m_ProbeAnchor: {fileID: 0}
  m_LightProbeVolumeOverride: {fileID: 0}
  m_ScaleInLightmap: 1
  m_ReceiveGI: 1
  m_PreserveUVs: 0
  m_IgnoreNormalsForChartDetection: 0
  m_ImportantGI: 0
  m_StitchLightmapSeams: 1
  m_SelectedEditorRenderState: 3
  m_MinimumChartSize: 4
  m_AutoUVMaxDistance: 0.5
  m_AutoUVMaxAngle: 89
  m_LightmapParameters: {fileID: 0}
  m_SortingLayerID: 0
  m_SortingLayer: 0
  m_SortingOrder: 0
  m_AdditionalVertexStreams: {fileID: 0}
--- !u!33 &343315342
MeshFilter:
  m_ObjectHideFlags: 0
  m_CorrespondingSourceObject: {fileID: 0}
  m_PrefabInstance: {fileID: 0}
  m_PrefabAsset: {fileID: 0}
  m_GameObject: {fileID: 343315338}
  m_Mesh: {fileID: -3582661945051901882, guid: 915f61385fc5e8e4fa7dddc0eda2f828, type: 3}
--- !u!1 &391341861 stripped
GameObject:
  m_CorrespondingSourceObject: {fileID: 3070199629826791735, guid: 621f2e7b5b66a1046acf2c5ed5a871d1, type: 3}
  m_PrefabInstance: {fileID: 1779870220}
  m_PrefabAsset: {fileID: 0}
--- !u!95 &391341864
Animator:
  serializedVersion: 5
  m_ObjectHideFlags: 0
  m_CorrespondingSourceObject: {fileID: 0}
  m_PrefabInstance: {fileID: 0}
  m_PrefabAsset: {fileID: 0}
  m_GameObject: {fileID: 391341861}
  m_Enabled: 1
  m_Avatar: {fileID: 0}
  m_Controller: {fileID: 9100000, guid: 81c494612b2ce7e41a4bf5631061d489, type: 2}
  m_CullingMode: 0
  m_UpdateMode: 0
  m_ApplyRootMotion: 0
  m_LinearVelocityBlending: 0
  m_StabilizeFeet: 0
  m_WarningMessage: 
  m_HasTransformHierarchy: 1
  m_AllowConstantClipSamplingOptimization: 1
  m_KeepAnimatorStateOnDisable: 0
  m_WriteDefaultValuesOnDisable: 0
--- !u!1001 &646076968
PrefabInstance:
  m_ObjectHideFlags: 0
  serializedVersion: 2
  m_Modification:
    serializedVersion: 3
    m_TransformParent: {fileID: 0}
    m_Modifications:
    - target: {fileID: -8679921383154817045, guid: 49103b7f613fda245ab55a4d6933caf4, type: 3}
      propertyPath: m_LocalScale.x
      value: 0.11098457
      objectReference: {fileID: 0}
    - target: {fileID: -8679921383154817045, guid: 49103b7f613fda245ab55a4d6933caf4, type: 3}
      propertyPath: m_LocalScale.y
      value: 0.11098457
      objectReference: {fileID: 0}
    - target: {fileID: -8679921383154817045, guid: 49103b7f613fda245ab55a4d6933caf4, type: 3}
      propertyPath: m_LocalScale.z
      value: 0.11098457
      objectReference: {fileID: 0}
    - target: {fileID: -8679921383154817045, guid: 49103b7f613fda245ab55a4d6933caf4, type: 3}
      propertyPath: m_LocalPosition.x
      value: -6.9799
      objectReference: {fileID: 0}
    - target: {fileID: -8679921383154817045, guid: 49103b7f613fda245ab55a4d6933caf4, type: 3}
      propertyPath: m_LocalPosition.y
      value: 1.88
      objectReference: {fileID: 0}
    - target: {fileID: -8679921383154817045, guid: 49103b7f613fda245ab55a4d6933caf4, type: 3}
      propertyPath: m_LocalPosition.z
      value: -5.485
      objectReference: {fileID: 0}
    - target: {fileID: -8679921383154817045, guid: 49103b7f613fda245ab55a4d6933caf4, type: 3}
      propertyPath: m_LocalRotation.w
      value: 1
      objectReference: {fileID: 0}
    - target: {fileID: -8679921383154817045, guid: 49103b7f613fda245ab55a4d6933caf4, type: 3}
      propertyPath: m_LocalRotation.x
      value: 0
      objectReference: {fileID: 0}
    - target: {fileID: -8679921383154817045, guid: 49103b7f613fda245ab55a4d6933caf4, type: 3}
      propertyPath: m_LocalRotation.y
      value: -0
      objectReference: {fileID: 0}
    - target: {fileID: -8679921383154817045, guid: 49103b7f613fda245ab55a4d6933caf4, type: 3}
      propertyPath: m_LocalRotation.z
      value: -0
      objectReference: {fileID: 0}
    - target: {fileID: -8679921383154817045, guid: 49103b7f613fda245ab55a4d6933caf4, type: 3}
      propertyPath: m_LocalEulerAnglesHint.x
      value: 0
      objectReference: {fileID: 0}
    - target: {fileID: -8679921383154817045, guid: 49103b7f613fda245ab55a4d6933caf4, type: 3}
      propertyPath: m_LocalEulerAnglesHint.y
      value: 0
      objectReference: {fileID: 0}
    - target: {fileID: -8679921383154817045, guid: 49103b7f613fda245ab55a4d6933caf4, type: 3}
      propertyPath: m_LocalEulerAnglesHint.z
      value: 0
      objectReference: {fileID: 0}
    - target: {fileID: 919132149155446097, guid: 49103b7f613fda245ab55a4d6933caf4, type: 3}
      propertyPath: m_Name
      value: scrivania BLENDER RENDER-cup2_obj_0
      objectReference: {fileID: 0}
    - target: {fileID: 919132149155446097, guid: 49103b7f613fda245ab55a4d6933caf4, type: 3}
      propertyPath: m_TagString
      value: Object
      objectReference: {fileID: 0}
    m_RemovedComponents: []
    m_RemovedGameObjects: []
    m_AddedGameObjects: []
    m_AddedComponents:
    - targetCorrespondingSourceObject: {fileID: 8164078558771037576, guid: 49103b7f613fda245ab55a4d6933caf4, type: 3}
      insertIndex: -1
      addedObject: {fileID: 1991395535}
    - targetCorrespondingSourceObject: {fileID: 8164078558771037576, guid: 49103b7f613fda245ab55a4d6933caf4, type: 3}
      insertIndex: -1
      addedObject: {fileID: 1991395534}
    - targetCorrespondingSourceObject: {fileID: 8164078558771037576, guid: 49103b7f613fda245ab55a4d6933caf4, type: 3}
      insertIndex: -1
      addedObject: {fileID: 1991395533}
    - targetCorrespondingSourceObject: {fileID: 8164078558771037576, guid: 49103b7f613fda245ab55a4d6933caf4, type: 3}
      insertIndex: -1
      addedObject: {fileID: 1991395532}
  m_SourcePrefab: {fileID: 100100000, guid: 49103b7f613fda245ab55a4d6933caf4, type: 3}
--- !u!1 &705507993
GameObject:
  m_ObjectHideFlags: 0
  m_CorrespondingSourceObject: {fileID: 0}
  m_PrefabInstance: {fileID: 0}
  m_PrefabAsset: {fileID: 0}
  serializedVersion: 6
  m_Component:
  - component: {fileID: 705507995}
  - component: {fileID: 705507994}
  m_Layer: 0
  m_Name: Directional Light
  m_TagString: Untagged
  m_Icon: {fileID: 0}
  m_NavMeshLayer: 0
  m_StaticEditorFlags: 0
  m_IsActive: 1
--- !u!108 &705507994
Light:
  m_ObjectHideFlags: 0
  m_CorrespondingSourceObject: {fileID: 0}
  m_PrefabInstance: {fileID: 0}
  m_PrefabAsset: {fileID: 0}
  m_GameObject: {fileID: 705507993}
  m_Enabled: 1
  serializedVersion: 10
  m_Type: 1
  m_Shape: 0
  m_Color: {r: 1, g: 0.95686275, b: 0.8392157, a: 1}
  m_Intensity: 1
  m_Range: 10
  m_SpotAngle: 30
  m_InnerSpotAngle: 21.80208
  m_CookieSize: 10
  m_Shadows:
    m_Type: 2
    m_Resolution: -1
    m_CustomResolution: -1
    m_Strength: 1
    m_Bias: 0.05
    m_NormalBias: 0.4
    m_NearPlane: 0.2
    m_CullingMatrixOverride:
      e00: 1
      e01: 0
      e02: 0
      e03: 0
      e10: 0
      e11: 1
      e12: 0
      e13: 0
      e20: 0
      e21: 0
      e22: 1
      e23: 0
      e30: 0
      e31: 0
      e32: 0
      e33: 1
    m_UseCullingMatrixOverride: 0
  m_Cookie: {fileID: 0}
  m_DrawHalo: 0
  m_Flare: {fileID: 0}
  m_RenderMode: 0
  m_CullingMask:
    serializedVersion: 2
    m_Bits: 4294967295
  m_RenderingLayerMask: 1
  m_Lightmapping: 1
  m_LightShadowCasterMode: 0
  m_AreaSize: {x: 1, y: 1}
  m_BounceIntensity: 1
  m_ColorTemperature: 6570
  m_UseColorTemperature: 0
  m_BoundingSphereOverride: {x: 0, y: 0, z: 0, w: 0}
  m_UseBoundingSphereOverride: 0
  m_UseViewFrustumForShadowCasterCull: 1
  m_ShadowRadius: 0
  m_ShadowAngle: 0
--- !u!4 &705507995
Transform:
  m_ObjectHideFlags: 0
  m_CorrespondingSourceObject: {fileID: 0}
  m_PrefabInstance: {fileID: 0}
  m_PrefabAsset: {fileID: 0}
  m_GameObject: {fileID: 705507993}
  serializedVersion: 2
  m_LocalRotation: {x: 0.40821788, y: -0.23456968, z: 0.10938163, w: 0.8754261}
  m_LocalPosition: {x: 0, y: 3, z: 0}
  m_LocalScale: {x: 1, y: 1, z: 1}
  m_ConstrainProportionsScale: 0
  m_Children: []
  m_Father: {fileID: 0}
  m_LocalEulerAnglesHint: {x: 50, y: -30, z: 0}
--- !u!4 &810059958 stripped
Transform:
  m_CorrespondingSourceObject: {fileID: -8679921383154817045, guid: 915f61385fc5e8e4fa7dddc0eda2f828, type: 3}
  m_PrefabInstance: {fileID: 1355416871}
  m_PrefabAsset: {fileID: 0}
--- !u!1001 &901348993
PrefabInstance:
  m_ObjectHideFlags: 0
  serializedVersion: 2
  m_Modification:
    serializedVersion: 3
    m_TransformParent: {fileID: 0}
    m_Modifications:
    - target: {fileID: 475244, guid: 7a135b1a2cb9c8f488d4dd00c55ab283, type: 3}
      propertyPath: m_RootOrder
      value: 0
      objectReference: {fileID: 0}
    - target: {fileID: 475244, guid: 7a135b1a2cb9c8f488d4dd00c55ab283, type: 3}
      propertyPath: m_LocalPosition.x
      value: 0
      objectReference: {fileID: 0}
    - target: {fileID: 475244, guid: 7a135b1a2cb9c8f488d4dd00c55ab283, type: 3}
      propertyPath: m_LocalPosition.y
      value: 0
      objectReference: {fileID: 0}
    - target: {fileID: 475244, guid: 7a135b1a2cb9c8f488d4dd00c55ab283, type: 3}
      propertyPath: m_LocalPosition.z
      value: -2.28
      objectReference: {fileID: 0}
    - target: {fileID: 475244, guid: 7a135b1a2cb9c8f488d4dd00c55ab283, type: 3}
      propertyPath: m_LocalRotation.w
      value: 1
      objectReference: {fileID: 0}
    - target: {fileID: 475244, guid: 7a135b1a2cb9c8f488d4dd00c55ab283, type: 3}
      propertyPath: m_LocalRotation.x
      value: -0
      objectReference: {fileID: 0}
    - target: {fileID: 475244, guid: 7a135b1a2cb9c8f488d4dd00c55ab283, type: 3}
      propertyPath: m_LocalRotation.y
      value: -0
      objectReference: {fileID: 0}
    - target: {fileID: 475244, guid: 7a135b1a2cb9c8f488d4dd00c55ab283, type: 3}
      propertyPath: m_LocalRotation.z
      value: -0
      objectReference: {fileID: 0}
    m_RemovedComponents: []
    m_RemovedGameObjects: []
    m_AddedGameObjects: []
    m_AddedComponents: []
  m_SourcePrefab: {fileID: 100100000, guid: 7a135b1a2cb9c8f488d4dd00c55ab283, type: 3}
--- !u!1 &971150064 stripped
GameObject:
  m_CorrespondingSourceObject: {fileID: 919132149155446097, guid: 621f2e7b5b66a1046acf2c5ed5a871d1, type: 3}
  m_PrefabInstance: {fileID: 1307562566}
  m_PrefabAsset: {fileID: 0}
--- !u!114 &971150065
MonoBehaviour:
  m_ObjectHideFlags: 0
  m_CorrespondingSourceObject: {fileID: 0}
  m_PrefabInstance: {fileID: 0}
  m_PrefabAsset: {fileID: 0}
  m_GameObject: {fileID: 971150064}
  m_Enabled: 1
  m_EditorHideFlags: 0
  m_Script: {fileID: 11500000, guid: dc23d0d876207d843add82b7a6f1c8c7, type: 3}
  m_Name: 
  m_EditorClassIdentifier: 
--- !u!1 &1002875609 stripped
GameObject:
  m_CorrespondingSourceObject: {fileID: 919132149155446097, guid: fd3ce08abb2d0a645aec297520c0f276, type: 3}
  m_PrefabInstance: {fileID: 106129661}
  m_PrefabAsset: {fileID: 0}
--- !u!64 &1002875610
MeshCollider:
  m_ObjectHideFlags: 0
  m_CorrespondingSourceObject: {fileID: 0}
  m_PrefabInstance: {fileID: 0}
  m_PrefabAsset: {fileID: 0}
  m_GameObject: {fileID: 1002875609}
  m_Material: {fileID: 0}
  m_IncludeLayers:
    serializedVersion: 2
    m_Bits: 0
  m_ExcludeLayers:
    serializedVersion: 2
    m_Bits: 0
  m_LayerOverridePriority: 0
  m_IsTrigger: 0
  m_ProvidesContacts: 0
  m_Enabled: 1
  serializedVersion: 5
  m_Convex: 0
  m_CookingOptions: 30
  m_Mesh: {fileID: 0}
--- !u!4 &1002875611 stripped
Transform:
  m_CorrespondingSourceObject: {fileID: -8679921383154817045, guid: fd3ce08abb2d0a645aec297520c0f276, type: 3}
  m_PrefabInstance: {fileID: 106129661}
  m_PrefabAsset: {fileID: 0}
--- !u!1001 &1307562566
PrefabInstance:
  m_ObjectHideFlags: 0
  serializedVersion: 2
  m_Modification:
    serializedVersion: 3
    m_TransformParent: {fileID: 0}
    m_Modifications:
    - target: {fileID: -8679921383154817045, guid: 621f2e7b5b66a1046acf2c5ed5a871d1, type: 3}
      propertyPath: m_LocalPosition.x
      value: -3.747
      objectReference: {fileID: 0}
    - target: {fileID: -8679921383154817045, guid: 621f2e7b5b66a1046acf2c5ed5a871d1, type: 3}
      propertyPath: m_LocalPosition.y
      value: 0.62
      objectReference: {fileID: 0}
    - target: {fileID: -8679921383154817045, guid: 621f2e7b5b66a1046acf2c5ed5a871d1, type: 3}
      propertyPath: m_LocalPosition.z
      value: -0.465
      objectReference: {fileID: 0}
    - target: {fileID: -8679921383154817045, guid: 621f2e7b5b66a1046acf2c5ed5a871d1, type: 3}
      propertyPath: m_LocalRotation.w
      value: 0.6242653
      objectReference: {fileID: 0}
    - target: {fileID: -8679921383154817045, guid: 621f2e7b5b66a1046acf2c5ed5a871d1, type: 3}
      propertyPath: m_LocalRotation.x
      value: -0
      objectReference: {fileID: 0}
    - target: {fileID: -8679921383154817045, guid: 621f2e7b5b66a1046acf2c5ed5a871d1, type: 3}
      propertyPath: m_LocalRotation.y
      value: 0.78121233
      objectReference: {fileID: 0}
    - target: {fileID: -8679921383154817045, guid: 621f2e7b5b66a1046acf2c5ed5a871d1, type: 3}
      propertyPath: m_LocalRotation.z
      value: -0
      objectReference: {fileID: 0}
    - target: {fileID: -8679921383154817045, guid: 621f2e7b5b66a1046acf2c5ed5a871d1, type: 3}
      propertyPath: m_LocalEulerAnglesHint.x
      value: 0
      objectReference: {fileID: 0}
    - target: {fileID: -8679921383154817045, guid: 621f2e7b5b66a1046acf2c5ed5a871d1, type: 3}
      propertyPath: m_LocalEulerAnglesHint.y
      value: 102.743
      objectReference: {fileID: 0}
    - target: {fileID: -8679921383154817045, guid: 621f2e7b5b66a1046acf2c5ed5a871d1, type: 3}
      propertyPath: m_LocalEulerAnglesHint.z
      value: 0
      objectReference: {fileID: 0}
    - target: {fileID: 468674619457619310, guid: 621f2e7b5b66a1046acf2c5ed5a871d1, type: 3}
      propertyPath: m_Materials.Array.data[0]
      value: 
      objectReference: {fileID: 2100000, guid: 7a671a90e5afcb647951ade940f824b5, type: 2}
    - target: {fileID: 919132149155446097, guid: 621f2e7b5b66a1046acf2c5ed5a871d1, type: 3}
      propertyPath: m_Name
      value: Old Man Idle (1)
      objectReference: {fileID: 0}
    - target: {fileID: 5866666021909216657, guid: 621f2e7b5b66a1046acf2c5ed5a871d1, type: 3}
      propertyPath: m_Controller
      value: 
      objectReference: {fileID: 9100000, guid: 81c494612b2ce7e41a4bf5631061d489, type: 2}
    m_RemovedComponents: []
    m_RemovedGameObjects: []
    m_AddedGameObjects: []
    m_AddedComponents:
    - targetCorrespondingSourceObject: {fileID: 919132149155446097, guid: 621f2e7b5b66a1046acf2c5ed5a871d1, type: 3}
      insertIndex: -1
      addedObject: {fileID: 971150065}
    - targetCorrespondingSourceObject: {fileID: 3070199629826791735, guid: 621f2e7b5b66a1046acf2c5ed5a871d1, type: 3}
      insertIndex: -1
      addedObject: {fileID: 1702735288}
  m_SourcePrefab: {fileID: 100100000, guid: 621f2e7b5b66a1046acf2c5ed5a871d1, type: 3}
--- !u!1 &1348882310 stripped
GameObject:
  m_CorrespondingSourceObject: {fileID: 699803258967624151, guid: 11bde6bee2966f64d9c3b1488b2ab87f, type: 3}
  m_PrefabInstance: {fileID: 254577895}
  m_PrefabAsset: {fileID: 0}
--- !u!64 &1348882311
MeshCollider:
  m_ObjectHideFlags: 0
  m_CorrespondingSourceObject: {fileID: 0}
  m_PrefabInstance: {fileID: 0}
  m_PrefabAsset: {fileID: 0}
  m_GameObject: {fileID: 1348882310}
  m_Material: {fileID: 0}
  m_IncludeLayers:
    serializedVersion: 2
    m_Bits: 0
  m_ExcludeLayers:
    serializedVersion: 2
    m_Bits: 0
  m_LayerOverridePriority: 0
  m_IsTrigger: 0
  m_ProvidesContacts: 0
  m_Enabled: 1
  serializedVersion: 5
  m_Convex: 1
  m_CookingOptions: 30
  m_Mesh: {fileID: -5731547941117289742, guid: aff162785deed724b9aaa420445c556c, type: 3}
--- !u!114 &1348882312
MonoBehaviour:
  m_ObjectHideFlags: 0
  m_CorrespondingSourceObject: {fileID: 0}
  m_PrefabInstance: {fileID: 0}
  m_PrefabAsset: {fileID: 0}
  m_GameObject: {fileID: 1348882310}
  m_Enabled: 1
  m_EditorHideFlags: 0
  m_Script: {fileID: 11500000, guid: ffefbea063cab884ca33e5a449e5c22c, type: 3}
  m_Name: 
  m_EditorClassIdentifier: 
  attachmentFlags: 44
  attachmentOffset: {fileID: 0}
  catchingSpeedThreshold: -1
  releaseVelocityStyle: 1
  releaseVelocityTimeOffset: -0.011
  scaleReleaseVelocity: 1.1
  scaleReleaseVelocityThreshold: -1
  scaleReleaseVelocityCurve:
    serializedVersion: 2
    m_Curve:
    - serializedVersion: 3
      time: 0
      value: 0.1
      inSlope: 0
      outSlope: 0
      tangentMode: 0
      weightedMode: 0
      inWeight: 0
      outWeight: 0
    - serializedVersion: 3
      time: 1
      value: 1
      inSlope: 0
      outSlope: 0
      tangentMode: 0
      weightedMode: 0
      inWeight: 0
      outWeight: 0
    m_PreInfinity: 2
    m_PostInfinity: 2
    m_RotationOrder: 4
  restoreOriginalParent: 0
  onPickUp:
    m_PersistentCalls:
      m_Calls: []
  onDetachFromHand:
    m_PersistentCalls:
      m_Calls: []
  onHeldUpdate:
    m_PersistentCalls:
      m_Calls: []
  interactable: {fileID: 0}
--- !u!54 &1348882313
Rigidbody:
  m_ObjectHideFlags: 0
  m_CorrespondingSourceObject: {fileID: 0}
  m_PrefabInstance: {fileID: 0}
  m_PrefabAsset: {fileID: 0}
  m_GameObject: {fileID: 1348882310}
  serializedVersion: 4
  m_Mass: 1
  m_Drag: 0
  m_AngularDrag: 0.05
  m_CenterOfMass: {x: 0, y: 0, z: 0}
  m_InertiaTensor: {x: 1, y: 1, z: 1}
  m_InertiaRotation: {x: 0, y: 0, z: 0, w: 1}
  m_IncludeLayers:
    serializedVersion: 2
    m_Bits: 0
  m_ExcludeLayers:
    serializedVersion: 2
    m_Bits: 0
  m_ImplicitCom: 1
  m_ImplicitTensor: 1
  m_UseGravity: 1
  m_IsKinematic: 0
  m_Interpolate: 0
  m_Constraints: 0
  m_CollisionDetection: 0
--- !u!114 &1348882314
MonoBehaviour:
  m_ObjectHideFlags: 0
  m_CorrespondingSourceObject: {fileID: 0}
  m_PrefabInstance: {fileID: 0}
  m_PrefabAsset: {fileID: 0}
  m_GameObject: {fileID: 1348882310}
  m_Enabled: 1
  m_EditorHideFlags: 0
  m_Script: {fileID: 11500000, guid: 996add27da8c1e14ba8f32b69447b4d4, type: 3}
  m_Name: 
  m_EditorClassIdentifier: 
  CraftingItem: {fileID: 1002875609}
--- !u!114 &1348882315
MonoBehaviour:
  m_ObjectHideFlags: 0
  m_CorrespondingSourceObject: {fileID: 0}
  m_PrefabInstance: {fileID: 0}
  m_PrefabAsset: {fileID: 0}
  m_GameObject: {fileID: 1348882310}
  m_Enabled: 1
  m_EditorHideFlags: 0
  m_Script: {fileID: 11500000, guid: b93b6a877adcbf94c89a9d6e0c0e844d, type: 3}
  m_Name: 
  m_EditorClassIdentifier: 
  activateActionSetOnAttach:
    actionSetPath: 
  hideHandOnAttach: 1
  hideSkeletonOnAttach: 0
  hideControllerOnAttach: 0
  handAnimationOnPickup: 0
  setRangeOfMotionOnPickup: -1
  useHandObjectAttachmentPoint: 1
  attachEaseIn: 0
  snapAttachEaseInCurve:
    serializedVersion: 2
    m_Curve:
    - serializedVersion: 3
      time: 0
      value: 0
      inSlope: 0
      outSlope: 0
      tangentMode: 0
      weightedMode: 0
      inWeight: 0
      outWeight: 0
    - serializedVersion: 3
      time: 1
      value: 1
      inSlope: 0
      outSlope: 0
      tangentMode: 0
      weightedMode: 0
      inWeight: 0
      outWeight: 0
    m_PreInfinity: 2
    m_PostInfinity: 2
    m_RotationOrder: 4
  snapAttachEaseInTime: 0.15
  snapAttachEaseInCompleted: 0
  skeletonPoser: {fileID: 0}
  handFollowTransform: 1
  highlightOnHover: 1
  hideHighlight: []
  hoverPriority: 0
--- !u!4 &1348882318 stripped
Transform:
  m_CorrespondingSourceObject: {fileID: 5809532290634397115, guid: 11bde6bee2966f64d9c3b1488b2ab87f, type: 3}
  m_PrefabInstance: {fileID: 254577895}
  m_PrefabAsset: {fileID: 0}
--- !u!1001 &1355416871
PrefabInstance:
  m_ObjectHideFlags: 0
  serializedVersion: 2
  m_Modification:
    serializedVersion: 3
    m_TransformParent: {fileID: 0}
    m_Modifications:
    - target: {fileID: -8679921383154817045, guid: 915f61385fc5e8e4fa7dddc0eda2f828, type: 3}
      propertyPath: m_LocalPosition.x
      value: -5.665021
      objectReference: {fileID: 0}
    - target: {fileID: -8679921383154817045, guid: 915f61385fc5e8e4fa7dddc0eda2f828, type: 3}
      propertyPath: m_LocalPosition.y
      value: 0.17
      objectReference: {fileID: 0}
    - target: {fileID: -8679921383154817045, guid: 915f61385fc5e8e4fa7dddc0eda2f828, type: 3}
      propertyPath: m_LocalPosition.z
      value: 3.4998384
      objectReference: {fileID: 0}
    - target: {fileID: -8679921383154817045, guid: 915f61385fc5e8e4fa7dddc0eda2f828, type: 3}
      propertyPath: m_LocalRotation.w
      value: 0.7071068
      objectReference: {fileID: 0}
    - target: {fileID: -8679921383154817045, guid: 915f61385fc5e8e4fa7dddc0eda2f828, type: 3}
      propertyPath: m_LocalRotation.x
      value: -0.7071068
      objectReference: {fileID: 0}
    - target: {fileID: -8679921383154817045, guid: 915f61385fc5e8e4fa7dddc0eda2f828, type: 3}
      propertyPath: m_LocalRotation.y
      value: 0
      objectReference: {fileID: 0}
    - target: {fileID: -8679921383154817045, guid: 915f61385fc5e8e4fa7dddc0eda2f828, type: 3}
      propertyPath: m_LocalRotation.z
      value: -0
      objectReference: {fileID: 0}
    - target: {fileID: -8679921383154817045, guid: 915f61385fc5e8e4fa7dddc0eda2f828, type: 3}
      propertyPath: m_LocalEulerAnglesHint.x
      value: 0
      objectReference: {fileID: 0}
    - target: {fileID: -8679921383154817045, guid: 915f61385fc5e8e4fa7dddc0eda2f828, type: 3}
      propertyPath: m_LocalEulerAnglesHint.y
      value: 0
      objectReference: {fileID: 0}
    - target: {fileID: -8679921383154817045, guid: 915f61385fc5e8e4fa7dddc0eda2f828, type: 3}
      propertyPath: m_LocalEulerAnglesHint.z
      value: 0
      objectReference: {fileID: 0}
    - target: {fileID: 919132149155446097, guid: 915f61385fc5e8e4fa7dddc0eda2f828, type: 3}
      propertyPath: m_Name
      value: D0503020
      objectReference: {fileID: 0}
    m_RemovedComponents: []
    m_RemovedGameObjects:
    - {fileID: 2552521333272528023, guid: 915f61385fc5e8e4fa7dddc0eda2f828, type: 3}
    - {fileID: 7824675210394568016, guid: 915f61385fc5e8e4fa7dddc0eda2f828, type: 3}
    m_AddedGameObjects:
    - targetCorrespondingSourceObject: {fileID: -8679921383154817045, guid: 915f61385fc5e8e4fa7dddc0eda2f828, type: 3}
      insertIndex: 5
      addedObject: {fileID: 343315339}
    m_AddedComponents: []
  m_SourcePrefab: {fileID: 100100000, guid: 915f61385fc5e8e4fa7dddc0eda2f828, type: 3}
--- !u!1 &1620278462 stripped
GameObject:
  m_CorrespondingSourceObject: {fileID: 919132149155446097, guid: 83246d6e88b5bc647b44cbf9e8533544, type: 3}
  m_PrefabInstance: {fileID: 2050310457}
  m_PrefabAsset: {fileID: 0}
--- !u!114 &1620278463
MonoBehaviour:
  m_ObjectHideFlags: 0
  m_CorrespondingSourceObject: {fileID: 0}
  m_PrefabInstance: {fileID: 0}
  m_PrefabAsset: {fileID: 0}
  m_GameObject: {fileID: 1620278462}
  m_Enabled: 1
  m_EditorHideFlags: 0
  m_Script: {fileID: 11500000, guid: ffefbea063cab884ca33e5a449e5c22c, type: 3}
  m_Name: 
  m_EditorClassIdentifier: 
  attachmentFlags: 44
  attachmentOffset: {fileID: 0}
  catchingSpeedThreshold: -1
  releaseVelocityStyle: 1
  releaseVelocityTimeOffset: -0.011
  scaleReleaseVelocity: 1.1
  scaleReleaseVelocityThreshold: -1
  scaleReleaseVelocityCurve:
    serializedVersion: 2
    m_Curve:
    - serializedVersion: 3
      time: 0
      value: 0.1
      inSlope: 0
      outSlope: 0
      tangentMode: 0
      weightedMode: 0
      inWeight: 0
      outWeight: 0
    - serializedVersion: 3
      time: 1
      value: 1
      inSlope: 0
      outSlope: 0
      tangentMode: 0
      weightedMode: 0
      inWeight: 0
      outWeight: 0
    m_PreInfinity: 2
    m_PostInfinity: 2
    m_RotationOrder: 4
  restoreOriginalParent: 0
  onPickUp:
    m_PersistentCalls:
      m_Calls: []
  onDetachFromHand:
    m_PersistentCalls:
      m_Calls: []
  onHeldUpdate:
    m_PersistentCalls:
      m_Calls: []
  interactable: {fileID: 0}
--- !u!54 &1620278464
Rigidbody:
  m_ObjectHideFlags: 0
  m_CorrespondingSourceObject: {fileID: 0}
  m_PrefabInstance: {fileID: 0}
  m_PrefabAsset: {fileID: 0}
  m_GameObject: {fileID: 1620278462}
  serializedVersion: 4
  m_Mass: 1
  m_Drag: 0
  m_AngularDrag: 0.05
  m_CenterOfMass: {x: 0, y: 0, z: 0}
  m_InertiaTensor: {x: 1, y: 1, z: 1}
  m_InertiaRotation: {x: 0, y: 0, z: 0, w: 1}
  m_IncludeLayers:
    serializedVersion: 2
    m_Bits: 0
  m_ExcludeLayers:
    serializedVersion: 2
    m_Bits: 0
  m_ImplicitCom: 1
  m_ImplicitTensor: 1
  m_UseGravity: 1
  m_IsKinematic: 0
  m_Interpolate: 0
  m_Constraints: 0
  m_CollisionDetection: 0
--- !u!114 &1620278465
MonoBehaviour:
  m_ObjectHideFlags: 0
  m_CorrespondingSourceObject: {fileID: 0}
  m_PrefabInstance: {fileID: 0}
  m_PrefabAsset: {fileID: 0}
  m_GameObject: {fileID: 1620278462}
  m_Enabled: 1
  m_EditorHideFlags: 0
  m_Script: {fileID: 11500000, guid: b93b6a877adcbf94c89a9d6e0c0e844d, type: 3}
  m_Name: 
  m_EditorClassIdentifier: 
  activateActionSetOnAttach:
    actionSetPath: 
  hideHandOnAttach: 1
  hideSkeletonOnAttach: 0
  hideControllerOnAttach: 0
  handAnimationOnPickup: 0
  setRangeOfMotionOnPickup: -1
  useHandObjectAttachmentPoint: 1
  attachEaseIn: 0
  snapAttachEaseInCurve:
    serializedVersion: 2
    m_Curve:
    - serializedVersion: 3
      time: 0
      value: 0
      inSlope: 0
      outSlope: 0
      tangentMode: 0
      weightedMode: 0
      inWeight: 0
      outWeight: 0
    - serializedVersion: 3
      time: 1
      value: 1
      inSlope: 0
      outSlope: 0
      tangentMode: 0
      weightedMode: 0
      inWeight: 0
      outWeight: 0
    m_PreInfinity: 2
    m_PostInfinity: 2
    m_RotationOrder: 4
  snapAttachEaseInTime: 0.15
  snapAttachEaseInCompleted: 0
  skeletonPoser: {fileID: 0}
  handFollowTransform: 1
  highlightOnHover: 1
  hideHighlight: []
  hoverPriority: 0
--- !u!64 &1620278466
MeshCollider:
  m_ObjectHideFlags: 0
  m_CorrespondingSourceObject: {fileID: 0}
  m_PrefabInstance: {fileID: 0}
  m_PrefabAsset: {fileID: 0}
  m_GameObject: {fileID: 1620278462}
  m_Material: {fileID: 0}
  m_IncludeLayers:
    serializedVersion: 2
    m_Bits: 0
  m_ExcludeLayers:
    serializedVersion: 2
    m_Bits: 0
  m_LayerOverridePriority: 0
  m_IsTrigger: 0
  m_ProvidesContacts: 0
  m_Enabled: 1
  serializedVersion: 5
  m_Convex: 1
  m_CookingOptions: 30
  m_Mesh: {fileID: -5495902117074765545, guid: 83246d6e88b5bc647b44cbf9e8533544, type: 3}
--- !u!1 &1657029763
GameObject:
  m_ObjectHideFlags: 0
  m_CorrespondingSourceObject: {fileID: 0}
  m_PrefabInstance: {fileID: 0}
  m_PrefabAsset: {fileID: 0}
  serializedVersion: 6
  m_Component:
  - component: {fileID: 1657029766}
  - component: {fileID: 1657029765}
  - component: {fileID: 1657029764}
  m_Layer: 0
  m_Name: Terrain
  m_TagString: Untagged
  m_Icon: {fileID: 0}
  m_NavMeshLayer: 0
  m_StaticEditorFlags: 2147483647
  m_IsActive: 1
--- !u!154 &1657029764
TerrainCollider:
  m_ObjectHideFlags: 0
  m_CorrespondingSourceObject: {fileID: 0}
  m_PrefabInstance: {fileID: 0}
  m_PrefabAsset: {fileID: 0}
  m_GameObject: {fileID: 1657029763}
  m_Material: {fileID: 0}
  m_IncludeLayers:
    serializedVersion: 2
    m_Bits: 0
  m_ExcludeLayers:
    serializedVersion: 2
    m_Bits: 0
  m_LayerOverridePriority: 0
  m_ProvidesContacts: 0
  m_Enabled: 1
  serializedVersion: 2
  m_TerrainData: {fileID: 15600000, guid: 9efff3930584fb548b5039c3e0d6776c, type: 2}
  m_EnableTreeColliders: 1
--- !u!218 &1657029765
Terrain:
  m_ObjectHideFlags: 0
  m_CorrespondingSourceObject: {fileID: 0}
  m_PrefabInstance: {fileID: 0}
  m_PrefabAsset: {fileID: 0}
  m_GameObject: {fileID: 1657029763}
  m_Enabled: 1
  serializedVersion: 6
  m_TerrainData: {fileID: 15600000, guid: 9efff3930584fb548b5039c3e0d6776c, type: 2}
  m_TreeDistance: 5000
  m_TreeBillboardDistance: 50
  m_TreeCrossFadeLength: 5
  m_TreeMaximumFullLODCount: 50
  m_DetailObjectDistance: 80
  m_DetailObjectDensity: 1
  m_HeightmapPixelError: 5
  m_SplatMapDistance: 1000
  m_HeightmapMaximumLOD: 0
  m_ShadowCastingMode: 2
  m_DrawHeightmap: 1
  m_DrawInstanced: 0
  m_DrawTreesAndFoliage: 1
  m_StaticShadowCaster: 0
  m_IgnoreQualitySettings: 0
  m_ReflectionProbeUsage: 1
  m_MaterialTemplate: {fileID: 10652, guid: 0000000000000000f000000000000000, type: 0}
  m_BakeLightProbesForTrees: 1
  m_PreserveTreePrototypeLayers: 0
  m_DeringLightProbesForTrees: 1
  m_ReceiveGI: 1
  m_ScaleInLightmap: 0.0256
  m_LightmapParameters: {fileID: 15203, guid: 0000000000000000f000000000000000, type: 0}
  m_GroupingID: 0
  m_RenderingLayerMask: 1
  m_AllowAutoConnect: 1
  m_EnableHeightmapRayTracing: 1
  m_EnableTreesAndDetailsRayTracing: 0
  m_TreeMotionVectorModeOverride: 3
--- !u!4 &1657029766
Transform:
  m_ObjectHideFlags: 0
  m_CorrespondingSourceObject: {fileID: 0}
  m_PrefabInstance: {fileID: 0}
  m_PrefabAsset: {fileID: 0}
  m_GameObject: {fileID: 1657029763}
  serializedVersion: 2
  m_LocalRotation: {x: 0, y: 0, z: 0, w: 1}
  m_LocalPosition: {x: -380, y: 0, z: -424.7}
  m_LocalScale: {x: 1, y: 1, z: 1}
  m_ConstrainProportionsScale: 0
  m_Children: []
  m_Father: {fileID: 0}
  m_LocalEulerAnglesHint: {x: 0, y: 0, z: 0}
--- !u!1 &1702735286 stripped
GameObject:
  m_CorrespondingSourceObject: {fileID: 3070199629826791735, guid: 621f2e7b5b66a1046acf2c5ed5a871d1, type: 3}
  m_PrefabInstance: {fileID: 1307562566}
  m_PrefabAsset: {fileID: 0}
--- !u!95 &1702735288
Animator:
  serializedVersion: 5
  m_ObjectHideFlags: 0
  m_CorrespondingSourceObject: {fileID: 0}
  m_PrefabInstance: {fileID: 0}
  m_PrefabAsset: {fileID: 0}
  m_GameObject: {fileID: 1702735286}
  m_Enabled: 1
  m_Avatar: {fileID: 0}
  m_Controller: {fileID: 9100000, guid: 81c494612b2ce7e41a4bf5631061d489, type: 2}
  m_CullingMode: 0
  m_UpdateMode: 0
  m_ApplyRootMotion: 0
  m_LinearVelocityBlending: 0
  m_StabilizeFeet: 0
  m_WarningMessage: 
  m_HasTransformHierarchy: 1
  m_AllowConstantClipSamplingOptimization: 1
  m_KeepAnimatorStateOnDisable: 0
  m_WriteDefaultValuesOnDisable: 0
--- !u!1 &1765177099 stripped
GameObject:
  m_CorrespondingSourceObject: {fileID: 919132149155446097, guid: 621f2e7b5b66a1046acf2c5ed5a871d1, type: 3}
  m_PrefabInstance: {fileID: 1779870220}
  m_PrefabAsset: {fileID: 0}
--- !u!114 &1765177100
MonoBehaviour:
  m_ObjectHideFlags: 0
  m_CorrespondingSourceObject: {fileID: 0}
  m_PrefabInstance: {fileID: 0}
  m_PrefabAsset: {fileID: 0}
  m_GameObject: {fileID: 1765177099}
  m_Enabled: 1
  m_EditorHideFlags: 0
  m_Script: {fileID: 11500000, guid: dc23d0d876207d843add82b7a6f1c8c7, type: 3}
  m_Name: 
  m_EditorClassIdentifier: 
--- !u!1001 &1779870220
PrefabInstance:
  m_ObjectHideFlags: 0
  serializedVersion: 2
  m_Modification:
    serializedVersion: 3
    m_TransformParent: {fileID: 0}
    m_Modifications:
    - target: {fileID: -8679921383154817045, guid: 621f2e7b5b66a1046acf2c5ed5a871d1, type: 3}
      propertyPath: m_LocalPosition.x
      value: -7.22
      objectReference: {fileID: 0}
    - target: {fileID: -8679921383154817045, guid: 621f2e7b5b66a1046acf2c5ed5a871d1, type: 3}
      propertyPath: m_LocalPosition.y
      value: 0.62
      objectReference: {fileID: 0}
    - target: {fileID: -8679921383154817045, guid: 621f2e7b5b66a1046acf2c5ed5a871d1, type: 3}
      propertyPath: m_LocalPosition.z
      value: -0.996
      objectReference: {fileID: 0}
    - target: {fileID: -8679921383154817045, guid: 621f2e7b5b66a1046acf2c5ed5a871d1, type: 3}
      propertyPath: m_LocalRotation.w
      value: 1
      objectReference: {fileID: 0}
    - target: {fileID: -8679921383154817045, guid: 621f2e7b5b66a1046acf2c5ed5a871d1, type: 3}
      propertyPath: m_LocalRotation.x
      value: 0
      objectReference: {fileID: 0}
    - target: {fileID: -8679921383154817045, guid: 621f2e7b5b66a1046acf2c5ed5a871d1, type: 3}
      propertyPath: m_LocalRotation.y
      value: 0
      objectReference: {fileID: 0}
    - target: {fileID: -8679921383154817045, guid: 621f2e7b5b66a1046acf2c5ed5a871d1, type: 3}
      propertyPath: m_LocalRotation.z
      value: 0
      objectReference: {fileID: 0}
    - target: {fileID: -8679921383154817045, guid: 621f2e7b5b66a1046acf2c5ed5a871d1, type: 3}
      propertyPath: m_LocalEulerAnglesHint.x
      value: 0
      objectReference: {fileID: 0}
    - target: {fileID: -8679921383154817045, guid: 621f2e7b5b66a1046acf2c5ed5a871d1, type: 3}
      propertyPath: m_LocalEulerAnglesHint.y
      value: 0
      objectReference: {fileID: 0}
    - target: {fileID: -8679921383154817045, guid: 621f2e7b5b66a1046acf2c5ed5a871d1, type: 3}
      propertyPath: m_LocalEulerAnglesHint.z
      value: 0
      objectReference: {fileID: 0}
    - target: {fileID: 468674619457619310, guid: 621f2e7b5b66a1046acf2c5ed5a871d1, type: 3}
      propertyPath: m_Materials.Array.data[0]
      value: 
      objectReference: {fileID: 2100000, guid: 7a671a90e5afcb647951ade940f824b5, type: 2}
    - target: {fileID: 919132149155446097, guid: 621f2e7b5b66a1046acf2c5ed5a871d1, type: 3}
      propertyPath: m_Name
      value: Old Man Idle
      objectReference: {fileID: 0}
    - target: {fileID: 5866666021909216657, guid: 621f2e7b5b66a1046acf2c5ed5a871d1, type: 3}
      propertyPath: m_Controller
      value: 
      objectReference: {fileID: 9100000, guid: 81c494612b2ce7e41a4bf5631061d489, type: 2}
    m_RemovedComponents: []
    m_RemovedGameObjects: []
    m_AddedGameObjects: []
    m_AddedComponents:
    - targetCorrespondingSourceObject: {fileID: 919132149155446097, guid: 621f2e7b5b66a1046acf2c5ed5a871d1, type: 3}
      insertIndex: -1
      addedObject: {fileID: 1765177100}
    - targetCorrespondingSourceObject: {fileID: 3070199629826791735, guid: 621f2e7b5b66a1046acf2c5ed5a871d1, type: 3}
      insertIndex: -1
      addedObject: {fileID: 391341864}
  m_SourcePrefab: {fileID: 100100000, guid: 621f2e7b5b66a1046acf2c5ed5a871d1, type: 3}
--- !u!1001 &1893138394
PrefabInstance:
  m_ObjectHideFlags: 0
  serializedVersion: 2
  m_Modification:
    serializedVersion: 3
    m_TransformParent: {fileID: 0}
    m_Modifications:
    - target: {fileID: 447954, guid: dc06161b6d97feb419f45f03b62e14b9, type: 3}
      propertyPath: m_RootOrder
      value: 0
      objectReference: {fileID: 0}
    - target: {fileID: 447954, guid: dc06161b6d97feb419f45f03b62e14b9, type: 3}
      propertyPath: m_LocalPosition.x
      value: -7.26
      objectReference: {fileID: 0}
    - target: {fileID: 447954, guid: dc06161b6d97feb419f45f03b62e14b9, type: 3}
      propertyPath: m_LocalPosition.y
      value: 0.994
      objectReference: {fileID: 0}
    - target: {fileID: 447954, guid: dc06161b6d97feb419f45f03b62e14b9, type: 3}
      propertyPath: m_LocalPosition.z
      value: -1.02
      objectReference: {fileID: 0}
    - target: {fileID: 447954, guid: dc06161b6d97feb419f45f03b62e14b9, type: 3}
      propertyPath: m_LocalRotation.w
      value: 1
      objectReference: {fileID: 0}
    - target: {fileID: 447954, guid: dc06161b6d97feb419f45f03b62e14b9, type: 3}
      propertyPath: m_LocalRotation.x
      value: 0
      objectReference: {fileID: 0}
    - target: {fileID: 447954, guid: dc06161b6d97feb419f45f03b62e14b9, type: 3}
      propertyPath: m_LocalRotation.y
      value: 0
      objectReference: {fileID: 0}
    - target: {fileID: 447954, guid: dc06161b6d97feb419f45f03b62e14b9, type: 3}
      propertyPath: m_LocalRotation.z
      value: 0
      objectReference: {fileID: 0}
    - target: {fileID: 11489144, guid: dc06161b6d97feb419f45f03b62e14b9, type: 3}
      propertyPath: urpControllerMaterial
      value: 
      objectReference: {fileID: 2100000, guid: 70a2eb634d7ed434b86d36f190fcf3a1, type: 2}
    - target: {fileID: 11494192, guid: dc06161b6d97feb419f45f03b62e14b9, type: 3}
      propertyPath: urpControllerMaterial
      value: 
      objectReference: {fileID: 2100000, guid: 70a2eb634d7ed434b86d36f190fcf3a1, type: 2}
    m_RemovedComponents: []
    m_RemovedGameObjects: []
    m_AddedGameObjects: []
    m_AddedComponents: []
  m_SourcePrefab: {fileID: 100100000, guid: dc06161b6d97feb419f45f03b62e14b9, type: 3}
--- !u!1 &1991395530 stripped
GameObject:
  m_CorrespondingSourceObject: {fileID: 8164078558771037576, guid: 49103b7f613fda245ab55a4d6933caf4, type: 3}
  m_PrefabInstance: {fileID: 646076968}
  m_PrefabAsset: {fileID: 0}
--- !u!114 &1991395532
MonoBehaviour:
  m_ObjectHideFlags: 0
  m_CorrespondingSourceObject: {fileID: 0}
  m_PrefabInstance: {fileID: 0}
  m_PrefabAsset: {fileID: 0}
  m_GameObject: {fileID: 1991395530}
  m_Enabled: 1
  m_EditorHideFlags: 0
  m_Script: {fileID: 11500000, guid: ffefbea063cab884ca33e5a449e5c22c, type: 3}
  m_Name: 
  m_EditorClassIdentifier: 
  attachmentFlags: 44
  attachmentOffset: {fileID: 0}
  catchingSpeedThreshold: -1
  releaseVelocityStyle: 1
  releaseVelocityTimeOffset: -0.011
  scaleReleaseVelocity: 1.1
  scaleReleaseVelocityThreshold: -1
  scaleReleaseVelocityCurve:
    serializedVersion: 2
    m_Curve:
    - serializedVersion: 3
      time: 0
      value: 0.1
      inSlope: 0
      outSlope: 0
      tangentMode: 0
      weightedMode: 0
      inWeight: 0
      outWeight: 0
    - serializedVersion: 3
      time: 1
      value: 1
      inSlope: 0
      outSlope: 0
      tangentMode: 0
      weightedMode: 0
      inWeight: 0
      outWeight: 0
    m_PreInfinity: 2
    m_PostInfinity: 2
    m_RotationOrder: 4
  restoreOriginalParent: 0
  onPickUp:
    m_PersistentCalls:
      m_Calls: []
  onDetachFromHand:
    m_PersistentCalls:
      m_Calls: []
  onHeldUpdate:
    m_PersistentCalls:
      m_Calls: []
  interactable: {fileID: 0}
--- !u!54 &1991395533
Rigidbody:
  m_ObjectHideFlags: 0
  m_CorrespondingSourceObject: {fileID: 0}
  m_PrefabInstance: {fileID: 0}
  m_PrefabAsset: {fileID: 0}
  m_GameObject: {fileID: 1991395530}
  serializedVersion: 4
  m_Mass: 1
  m_Drag: 0
  m_AngularDrag: 0.05
  m_CenterOfMass: {x: 0, y: 0, z: 0}
  m_InertiaTensor: {x: 1, y: 1, z: 1}
  m_InertiaRotation: {x: 0, y: 0, z: 0, w: 1}
  m_IncludeLayers:
    serializedVersion: 2
    m_Bits: 0
  m_ExcludeLayers:
    serializedVersion: 2
    m_Bits: 0
  m_ImplicitCom: 1
  m_ImplicitTensor: 1
  m_UseGravity: 1
  m_IsKinematic: 0
  m_Interpolate: 0
  m_Constraints: 0
  m_CollisionDetection: 0
--- !u!114 &1991395534
MonoBehaviour:
  m_ObjectHideFlags: 0
  m_CorrespondingSourceObject: {fileID: 0}
  m_PrefabInstance: {fileID: 0}
  m_PrefabAsset: {fileID: 0}
  m_GameObject: {fileID: 1991395530}
  m_Enabled: 1
  m_EditorHideFlags: 0
  m_Script: {fileID: 11500000, guid: b93b6a877adcbf94c89a9d6e0c0e844d, type: 3}
  m_Name: 
  m_EditorClassIdentifier: 
  activateActionSetOnAttach:
    actionSetPath: 
  hideHandOnAttach: 1
  hideSkeletonOnAttach: 0
  hideControllerOnAttach: 0
  handAnimationOnPickup: 0
  setRangeOfMotionOnPickup: -1
  useHandObjectAttachmentPoint: 1
  attachEaseIn: 0
  snapAttachEaseInCurve:
    serializedVersion: 2
    m_Curve:
    - serializedVersion: 3
      time: 0
      value: 0
      inSlope: 0
      outSlope: 0
      tangentMode: 0
      weightedMode: 0
      inWeight: 0
      outWeight: 0
    - serializedVersion: 3
      time: 1
      value: 1
      inSlope: 0
      outSlope: 0
      tangentMode: 0
      weightedMode: 0
      inWeight: 0
      outWeight: 0
    m_PreInfinity: 2
    m_PostInfinity: 2
    m_RotationOrder: 4
  snapAttachEaseInTime: 0.15
  snapAttachEaseInCompleted: 0
  skeletonPoser: {fileID: 0}
  handFollowTransform: 1
  highlightOnHover: 1
  hideHighlight: []
  hoverPriority: 0
--- !u!64 &1991395535
MeshCollider:
  m_ObjectHideFlags: 0
  m_CorrespondingSourceObject: {fileID: 0}
  m_PrefabInstance: {fileID: 0}
  m_PrefabAsset: {fileID: 0}
  m_GameObject: {fileID: 1991395530}
  m_Material: {fileID: 0}
  m_IncludeLayers:
    serializedVersion: 2
    m_Bits: 0
  m_ExcludeLayers:
    serializedVersion: 2
    m_Bits: 0
  m_LayerOverridePriority: 0
  m_IsTrigger: 0
  m_ProvidesContacts: 0
  m_Enabled: 1
  serializedVersion: 5
  m_Convex: 1
  m_CookingOptions: 30
  m_Mesh: {fileID: -2432090755550338912, guid: 49103b7f613fda245ab55a4d6933caf4, type: 3}
--- !u!1001 &2050310457
PrefabInstance:
  m_ObjectHideFlags: 0
  serializedVersion: 2
  m_Modification:
    serializedVersion: 3
    m_TransformParent: {fileID: 0}
    m_Modifications:
    - target: {fileID: -8679921383154817045, guid: 83246d6e88b5bc647b44cbf9e8533544, type: 3}
      propertyPath: m_LocalScale.x
      value: 16.031
      objectReference: {fileID: 0}
    - target: {fileID: -8679921383154817045, guid: 83246d6e88b5bc647b44cbf9e8533544, type: 3}
      propertyPath: m_LocalScale.y
      value: 16.031
      objectReference: {fileID: 0}
    - target: {fileID: -8679921383154817045, guid: 83246d6e88b5bc647b44cbf9e8533544, type: 3}
      propertyPath: m_LocalScale.z
      value: 16.031
      objectReference: {fileID: 0}
    - target: {fileID: -8679921383154817045, guid: 83246d6e88b5bc647b44cbf9e8533544, type: 3}
      propertyPath: m_LocalPosition.x
      value: -6.634
      objectReference: {fileID: 0}
    - target: {fileID: -8679921383154817045, guid: 83246d6e88b5bc647b44cbf9e8533544, type: 3}
      propertyPath: m_LocalPosition.y
      value: 1.107
      objectReference: {fileID: 0}
    - target: {fileID: -8679921383154817045, guid: 83246d6e88b5bc647b44cbf9e8533544, type: 3}
      propertyPath: m_LocalPosition.z
      value: 3.503
      objectReference: {fileID: 0}
    - target: {fileID: -8679921383154817045, guid: 83246d6e88b5bc647b44cbf9e8533544, type: 3}
      propertyPath: m_LocalRotation.w
      value: 0.7071068
      objectReference: {fileID: 0}
    - target: {fileID: -8679921383154817045, guid: 83246d6e88b5bc647b44cbf9e8533544, type: 3}
      propertyPath: m_LocalRotation.x
      value: -0.7071068
      objectReference: {fileID: 0}
    - target: {fileID: -8679921383154817045, guid: 83246d6e88b5bc647b44cbf9e8533544, type: 3}
      propertyPath: m_LocalRotation.y
      value: 0
      objectReference: {fileID: 0}
    - target: {fileID: -8679921383154817045, guid: 83246d6e88b5bc647b44cbf9e8533544, type: 3}
      propertyPath: m_LocalRotation.z
      value: -0
      objectReference: {fileID: 0}
    - target: {fileID: -8679921383154817045, guid: 83246d6e88b5bc647b44cbf9e8533544, type: 3}
      propertyPath: m_LocalEulerAnglesHint.x
      value: 0
      objectReference: {fileID: 0}
    - target: {fileID: -8679921383154817045, guid: 83246d6e88b5bc647b44cbf9e8533544, type: 3}
      propertyPath: m_LocalEulerAnglesHint.y
      value: 0
      objectReference: {fileID: 0}
    - target: {fileID: -8679921383154817045, guid: 83246d6e88b5bc647b44cbf9e8533544, type: 3}
      propertyPath: m_LocalEulerAnglesHint.z
      value: 0
      objectReference: {fileID: 0}
    - target: {fileID: 919132149155446097, guid: 83246d6e88b5bc647b44cbf9e8533544, type: 3}
      propertyPath: m_Name
      value: Pillow
      objectReference: {fileID: 0}
    - target: {fileID: 919132149155446097, guid: 83246d6e88b5bc647b44cbf9e8533544, type: 3}
      propertyPath: m_TagString
      value: pillow
      objectReference: {fileID: 0}
    m_RemovedComponents: []
    m_RemovedGameObjects: []
    m_AddedGameObjects: []
    m_AddedComponents:
    - targetCorrespondingSourceObject: {fileID: 919132149155446097, guid: 83246d6e88b5bc647b44cbf9e8533544, type: 3}
      insertIndex: -1
      addedObject: {fileID: 1620278466}
    - targetCorrespondingSourceObject: {fileID: 919132149155446097, guid: 83246d6e88b5bc647b44cbf9e8533544, type: 3}
      insertIndex: -1
      addedObject: {fileID: 1620278465}
    - targetCorrespondingSourceObject: {fileID: 919132149155446097, guid: 83246d6e88b5bc647b44cbf9e8533544, type: 3}
      insertIndex: -1
      addedObject: {fileID: 1620278464}
    - targetCorrespondingSourceObject: {fileID: 919132149155446097, guid: 83246d6e88b5bc647b44cbf9e8533544, type: 3}
      insertIndex: -1
      addedObject: {fileID: 1620278463}
  m_SourcePrefab: {fileID: 100100000, guid: 83246d6e88b5bc647b44cbf9e8533544, type: 3}
--- !u!1660057539 &9223372036854775807
SceneRoots:
  m_ObjectHideFlags: 0
  m_Roots:
  - {fileID: 705507995}
  - {fileID: 1355416871}
  - {fileID: 1657029766}
  - {fileID: 1893138394}
  - {fileID: 1779870220}
  - {fileID: 1307562566}
  - {fileID: 646076968}
  - {fileID: 2050310457}
  - {fileID: 254577895}
  - {fileID: 901348993}
